@article{hartmann,
author = "Katharina Hartmann and Malte Zimmermann",
title = "Morphological focus marking in Gùrùntùm (West Chadic)",
journal = "Lingua",
volume = "119",
number = "9",
pages = "1340--1365",
year = "2009",
}

@misc{selkirk1984phonology,
title={Phonology and syntax. The relation between sound and structure},
author={Selkirk, Elisabeth},
journal={MITPress, Cambridge, Massachusetts},
year={1984},
publisher={MIT Press}
}

@article{selkirk1996prosodic,
title={The prosodic structure of function words},
author={Selkirk, Elisabeth},
journal={Signal to syntax: Bootstrapping from speech to grammar in early acquisition},
volume={187},
pages={214},
year={1996},
publisher={Lawrence Erlbaum Mahwah, NJ}
}

@Article{Schwarzschild1999,
author="Schwarzschild, Roger",
title="GIVENNESS, AVOIDF AND OTHER CONSTRAINTS ON THE PLACEMENT OF ACCENT*",
journal="Natural Language Semantics",
year="1999",
volume="7",
number="2",
pages="141--177",
}

@book{Jackendoff1972,
author = {Ray Jackendoff},
publisher = {Cambridge: Mass., Mit Press},
year = {1972},
title = {Semantic Interpretation in Generative Grammar}
}

@article{kiss1998identificational,
title={Identificational focus versus information focus},
author={Kiss, Katalin {\'E}},
journal={Language},
pages={245--273},
year={1998},
publisher={JSTOR}
}

@article{rooth1985association,
title={Association with focus},
author={Rooth, Mats},
year={1985},
publisher={GLSA, Dept. of Linguistics, University of Massachusetts, Amherst}
}


@article{rooth1992theory,
title={A theory of focus interpretation},
author={Rooth, Mats},
journal={Natural language semantics},
volume={1},
number={1},
pages={75--116},
year={1992},
publisher={Springer}
}


@book{Cresswell1985,
year = {1985},
publisher = {MIT Press},
author = {M. J. Cresswell},
title = {Structured Meanings}
}

@incollection{chierchia1989structured,
title={Structured meanings, thematic roles and control},
author={Chierchia, Gennaro},
booktitle={Properties, types and meaning},
pages={131--166},
year={1989},
publisher={Springer}
}

@book{beaver2008sense,
title={Sense and sensitivity: how focus determines meaning},
author={Beaver, D.I. and Clark, B.Z.},
series={Explorations in semantics},
year={2008},
publisher={Blackwell Pub.}
}


@book{ward2002grammar,
title = "The Cambridge Grammar of the English Language",
author = "Pullum, {Geoffrey K.} and Rodney Huddleston and L. Bauer and B. Birner and T. Briscoe and P. Collins and D. Denison and D. Lee and A. Mittwoch and G. Nunberg and F. Palmer and J. Payne and P. Peterson and L. Stirling and Gregory Ward",
year = "2002",
chapter="Information packaging",
publisher = "Cambridge University Press",
}

@book{winkler1997focus,
title={Focus and secondary predication},
author={Winkler, Susanne},
volume={43},
year={1997},
publisher={Walter de Gruyter}
}

@article{gussenhoven1983focus,
title={Focus, mode and the nucleus},
author={Gussenhoven, Carlos},
journal={Journal of linguistics},
volume={19},
number={02},
pages={377--417},
year={1983},
publisher={Cambridge Univ Press}
}

@misc{rooth1996focus,
title={Focus. The handbook of contemporary semantic theory, ed. by Shalom Lappin, 271-97},
author={Rooth, Mats},
year={1996},
publisher={Oxford: Blackwell}
}

@article{hamblin1973questions,
title={Questions in montague english},
author={Hamblin, Charles L},
journal={Foundations of language},
volume={10},
number={1},
pages={41--53},
year={1973},
publisher={JSTOR}
}

@article{karttunen1977syntax,
title={Syntax and semantics of questions},
author={Karttunen, Lauri},
journal={Linguistics and philosophy},
volume={1},
number={1},
pages={3--44},
year={1977},
publisher={Springer}
}

@article{groenendijk1985semantics,
title={On the Semantics of Questions and the Pragmatics of Answers},
author={Groenendijk, Jeroen and Stokhof, Martin},
journal={Semantics: Critical Concepts in Linguistics},
pages={288},
year={1985}
}

@incollection{krifka1992compositional,
title={A compositional semantics for multiple focus constructions},
author={Krifka, Manfred},
booktitle={Informationsstruktur und grammatik},
pages={17--53},
year={1992},
publisher={Springer}
}


@article{klein1982intonation,
title={Intonation und Bedeutung von Fokus},
author={Klein, Wolfgang and Von Stechow, Arnim},
year={1982},
publisher={Universit{\"a}t Konstanz}
}

@article{van2003questioning,
title={Questioning to resolve decision problems},
author={Van Rooy, Robert},
journal={Linguistics and Philosophy},
volume={26},
number={6},
pages={727--763},
year={2003},
publisher={Springer}
}

@article{partee199911,
title={11 Focus, Quantification, and Semantics-Pragmatics Issues},
author={Partee, Barbara H},
journal={Focus: Linguistic, cognitive, and computational perspectives},
pages={213},
year={1999},
publisher={Cambridge University Press}
}

@article{roberts1996information,
title={Information structure in discourse: Towards an integrated formal theory of pragmatics},
author={Roberts, Craige},
journal={Working Papers in Linguistics-Ohio State University Department of Linguistics},
pages={91--136},
year={1996},
publisher={The Ohio State University}
}

@article{geurts2004interpreting,
title={Interpreting focus},
author={Geurts, Bart and Van der Sandt, Rob},
journal={Theoretical Linguistics},
volume={30},
pages={1--44},
year={2004},
publisher={WALTER DE GRUYTER}
}

@article{kadmon2001formal,
title={Formal pragmatics semantics, pragmatics, presupposition, and focus},
author={Kadmon, Nirit},
year={2001}
}

@article{gast2011scalar,
title={Scalar additive operators in the languages of Europe},
author={Gast, Volker and Van der Auwera, Johan},
journal={Language},
volume={87},
number={1},
pages={2--54},
year={2011},
publisher={Linguistic Society of America}
}

@article{sperber2004experimental,
title={Experimental pragmatics},
author={Sperber, Dan and Wilson, Deirdre},
year={2004},
publisher={Citeseer}
}
