@article{hartmann,
    author = "Katharina Hartmann and Malte Zimmermann",
    title = "Morphological focus marking in Gùrùntùm (West Chadic)",
    journal = "Lingua",
    volume = "119",
    number = "9",
    pages = "1340--1365",
    year = "2009",
}

@misc{selkirk1984phonology,
  title={Phonology and syntax. The relation between sound and structure},
  author={Selkirk, Elisabeth},
  journal={MITPress, Cambridge, Massachusetts},
  year={1984},
  publisher={MIT Press}
}
 
@article{selkirk199516,
  title={16 Sentence Prosody: Intonation, Stress, and Phrasing},
  author={Selkirk, Elisabeth},
  year={1995}
}

@Article{Schwarzschild1999,
author="Schwarzschild, Roger",
title="GIVENNESS, AVOIDF AND OTHER CONSTRAINTS ON THE PLACEMENT OF ACCENT*",
journal="Natural Language Semantics",
year="1999",
volume="7",
number="2",
pages="141--177",
}

@book{Jackendoff1972,
	author = {Ray Jackendoff},
	publisher = {Cambridge: Mass., Mit Press},
	year = {1972},
	title = {Semantic Interpretation in Generative Grammar}
}